<record><leader>01404cap a2200277   4500</leader><controlfield tag="001">102780993</controlfield><controlfield tag="003">MiAaHDL</controlfield><controlfield tag="005">20200724000000.0</controlfield><controlfield tag="006">m        d        </controlfield><controlfield tag="007">cr bn ---auaua</controlfield><controlfield tag="008">750401s1973                  00||0|eng|d</controlfield><datafield tag="035" ind1=" " ind2=" "><subfield code="a">sdr-nyp.b102347463</subfield></datafield><datafield tag="035" ind1=" " ind2=" "><subfield code="a">(WaOLN)nyp0236733</subfield></datafield><datafield tag="035" ind1=" " ind2=" "><subfield code="a">NN754195999</subfield></datafield><datafield tag="040" ind1=" " ind2=" "><subfield code="a">NN</subfield><subfield code="c">NN</subfield><subfield code="d">WaOLN</subfield></datafield><datafield tag="245" ind1="0" ind2="4"><subfield code="a">The architecture of Cleveland;</subfield><subfield code="b">twelve buildings, 1936-1912.</subfield></datafield><datafield tag="260" ind1=" " ind2=" "><subfield code="a">[Cleveland] Western Reserve Historical Society; [Washington] Historic American Buildings Survey, 1973.</subfield></datafield><datafield tag="300" ind1=" " ind2=" "><subfield code="a">iv, 95 p. illus. 28 cm.</subfield></datafield><datafield tag="490" ind1="0" ind2=" "><subfield code="a">Historic American Buildings Survey. Selections,</subfield><subfield code="v">no. 12</subfield></datafield><datafield tag="500" ind1=" " ind2=" "><subfield code="a">The Western Reserve Historical Society Publication no. 128.</subfield></datafield><datafield tag="538" ind1=" " ind2=" "><subfield code="a">Mode of access: Internet.</subfield></datafield><datafield tag="650" ind1=" " ind2="0"><subfield code="a">Historic buildings</subfield><subfield code="z">Ohio</subfield><subfield code="z">Cleveland.</subfield></datafield><datafield tag="650" ind1=" " ind2="0"><subfield code="a">Architecture</subfield><subfield code="z">Ohio</subfield><subfield code="z">Cleveland.</subfield></datafield><datafield tag="CID" ind1=" " ind2=" "><subfield code="a">102780993</subfield></datafield><datafield tag="DAT" ind1="0" ind2=" "><subfield code="a">20000629171033.0</subfield><subfield code="b">20200724000000.0</subfield></datafield><datafield tag="DAT" ind1="1" ind2=" "><subfield code="a">20200724090810.0</subfield><subfield code="b">2020-07-29T17:58:49Z</subfield></datafield><datafield tag="DAT" ind1="2" ind2=" "><subfield code="a">2020-07-29T17:30:01Z</subfield></datafield><datafield tag="CAT" ind1=" " ind2=" "><subfield code="a">SDR-NYP</subfield><subfield code="d">III - SIERRA</subfield><subfield code="l">prepare.pl-004-008</subfield></datafield><datafield tag="FMT" ind1=" " ind2=" "><subfield code="a">BK</subfield></datafield><datafield tag="HOL" ind1=" " ind2=" "><subfield code="0">sdr-nyp.b102347463</subfield><subfield code="a">nyp</subfield><subfield code="b">SDR</subfield><subfield code="c">NYP</subfield><subfield code="p">nyp.33433066275524</subfield><subfield code="s">NYP</subfield><subfield code="z">no. 12 (1973)</subfield><subfield code="1">.b102347463</subfield></datafield><datafield tag="974" ind1=" " ind2=" "><subfield code="b">NYP</subfield><subfield code="c">NYP</subfield><subfield code="d">20200729</subfield><subfield code="s">google</subfield><subfield code="u">nyp.33433066275524</subfield><subfield code="z">no. 12 (1973)</subfield><subfield code="y">1973</subfield><subfield code="r">ic</subfield><subfield code="q">bib</subfield><subfield code="t">non-US bib date1 &gt;= 1927</subfield></datafield></record>